<record><leader>00000cas a22000007a 4500</leader><controlfield tag="001">22186794</controlfield><controlfield tag="008">900806d19771979mduwn ne      0    0eng d</controlfield><datafield ind1=" " ind2=" " tag="010"><subfield code="a">sn 90057069 </subfield></datafield><datafield ind1=" " ind2=" " tag="040"><subfield code="a">MFN</subfield><subfield code="b">eng</subfield><subfield code="c">MFN</subfield><subfield code="d">OCLCQ</subfield><subfield code="d">OCLCO</subfield></datafield><datafield ind1="1" ind2=" " tag="029"><subfield code="a">AU@</subfield><subfield code="b">000025868402</subfield></datafield><datafield ind1=" " ind2=" " tag="042"><subfield code="a">msc</subfield></datafield><datafield ind1="0" ind2=" " tag="130"><subfield code="a">UMBC retriever (Baltimore, Md. : 1977)</subfield></datafield><datafield ind1="1" ind2="4" tag="245"><subfield code="a">The UMBC retriever.</subfield></datafield><datafield ind1="3" ind2="0" tag="246"><subfield code="a">University of Maryland Baltimore County retriever</subfield></datafield><datafield ind1=" " ind2=" " tag="260"><subfield code="a">Baltimore, Md. :</subfield><subfield code="b">Free State University Press</subfield></datafield><datafield ind1=" " ind2=" " tag="300"><subfield code="a">v.</subfield></datafield><datafield ind1=" " ind2=" " tag="310"><subfield code="a">Weekly (during the academic year)</subfield></datafield><datafield ind1="1" ind2=" " tag="362"><subfield code="a">Began in Apr. 1977; ceased in 1979.</subfield></datafield><datafield ind1=" " ind2=" " tag="588"><subfield code="a">Description based on: Vol. 11, no. 25 (Apr. 25, 1977).</subfield></datafield><datafield ind1="2" ind2=" " tag="710"><subfield code="a">University of Maryland, Baltimore County.</subfield></datafield><datafield ind1=" " ind2=" " tag="752"><subfield code="a">United States</subfield><subfield code="b">Maryland</subfield><subfield code="d">Baltimore.</subfield></datafield><datafield ind1="0" ind2="0" tag="780"><subfield code="t">Retriever (Baltimore, Md. : 1975)</subfield><subfield code="w">(DLC)sn 90057068</subfield></datafield><datafield ind1="0" ind2="0" tag="785"><subfield code="t">Retriever (Baltimore, Md. : 1979)</subfield><subfield code="w">(DLC)sn 90057070</subfield></datafield></record>